@article{saifullah2013multi,
  title={Multi-core real-time scheduling for generalized parallel task models},
  author={Saifullah, Abusayeed and Li, Jing and Agrawal, Kunal and Lu, Chenyang and Gill, Christopher},
  journal={Real-Time Systems},
  volume={49},
  number={4},
  pages={404--435},
  year={2013},
  publisher={Springer}
}


@book{pinedo2012scheduling,
  title={Scheduling: theory, algorithms, and systems},
  author={Pinedo, Michael L},
  year={2012},
  publisher={Springer Science \& Business Media}
}
